<record><leader>00000cas a2200000 a 4500</leader><controlfield tag="001">22267310</controlfield><controlfield tag="008">900823d18uu19uuorucr ne      0    0eng c</controlfield><datafield ind1=" " ind2=" " tag="010"><subfield code="a">sn 90066155 </subfield></datafield><datafield ind1=" " ind2=" " tag="040"><subfield code="a">NYG</subfield><subfield code="b">eng</subfield><subfield code="c">NYG</subfield><subfield code="d">NVF</subfield><subfield code="d">CNK</subfield><subfield code="d">OCL</subfield><subfield code="d">ORU</subfield><subfield code="d">OCLCQ</subfield><subfield code="d">OCLCF</subfield><subfield code="d">OCLCO</subfield></datafield><datafield ind1="1" ind2=" " tag="029"><subfield code="a">AU@</subfield><subfield code="b">000020225522</subfield></datafield><datafield ind1=" " ind2=" " tag="042"><subfield code="a">pcc</subfield></datafield><datafield ind1=" " ind2=" " tag="043"><subfield code="a">n-us-or</subfield></datafield><datafield ind1="0" ind2="0" tag="245"><subfield code="a">E.O.</subfield></datafield><datafield ind1="3" ind2=" " tag="246"><subfield code="a">EO</subfield></datafield><datafield ind1="1" ind2="3" tag="246"><subfield code="a">Semi-weekly east Oregonian</subfield></datafield><datafield ind1="3" ind2=" " tag="246"><subfield code="a">Semiweekly east Oregonian</subfield></datafield><datafield ind1="1" ind2=" " tag="246"><subfield code="i">Issues for June 6, 1882- have also the title:</subfield><subfield code="a">East Oregonian</subfield></datafield><datafield ind1=" " ind2=" " tag="260"><subfield code="a">Pendleton, Umatilla Co., Or. :</subfield><subfield code="b">East Oregonian Pub. Co.</subfield></datafield><datafield ind1=" " ind2=" " tag="300"><subfield code="a">v.</subfield></datafield><datafield ind1=" " ind2=" " tag="310"><subfield code="a">Semiweekly</subfield></datafield><datafield ind1=" " ind2=" " tag="580"><subfield code="a">Weekly ed.: East Oregonian (Pendleton, Or. : Weekly ed.).</subfield></datafield><datafield ind1=" " ind2=" " tag="580"><subfield code="a">Daily ed.: East Oregonian (Pendleton, Or. : Daily evening ed.).</subfield></datafield><datafield ind1=" " ind2=" " tag="588"><subfield code="a">Description based on: Vol. 7, no. 42 (May 2, 1882).</subfield></datafield><datafield ind1=" " ind2=" " tag="588"><subfield code="a">Latest issue consulted: Vol. 34, no. 7 (Oct. 11, 1910).</subfield></datafield><datafield ind1=" " ind2="0" tag="651"><subfield code="a">Pendleton (Or.)</subfield><subfield code="v">Newspapers.</subfield></datafield><datafield ind1=" " ind2="7" tag="655"><subfield code="a">Newspapers.</subfield><subfield code="2">fast</subfield><subfield code="0">(OCoLC)fst01423814</subfield></datafield><datafield ind1=" " ind2="7" tag="651"><subfield code="a">Oregon</subfield><subfield code="z">Pendleton.</subfield><subfield code="2">fast</subfield><subfield code="0">(OCoLC)fst01217685</subfield></datafield><datafield ind1=" " ind2=" " tag="752"><subfield code="a">United States</subfield><subfield code="b">Oregon</subfield><subfield code="c">Umatilla</subfield><subfield code="d">Pendleton.</subfield></datafield><datafield ind1="1" ind2=" " tag="775"><subfield code="t">East Oregonian (Pendleton, Or. : Weekly ed.)</subfield><subfield code="w">(DLC)sn 84022663</subfield><subfield code="w">(OCoLC)10524231</subfield></datafield><datafield ind1="1" ind2=" " tag="775"><subfield code="t">East Oregonian (Pendleton, Or. : Daily evening ed.)</subfield><subfield code="w">(DLC)sn 88086023</subfield><subfield code="w">(OCoLC)17499195</subfield></datafield></record>